<record><leader>00000cas a2200000 a 4500</leader><controlfield tag="001">52550394</controlfield><controlfield tag="008">030703d19241932nyudr ne      0    0eng d</controlfield><datafield ind1=" " ind2=" " tag="010"><subfield code="a">sn2003060383</subfield></datafield><datafield ind1=" " ind2=" " tag="040"><subfield code="a">NYS</subfield><subfield code="c">NYS</subfield><subfield code="d">OCLCQ</subfield><subfield code="d">NYG</subfield></datafield><datafield ind1=" " ind2=" " tag="043"><subfield code="a">n-us-ny</subfield></datafield><datafield ind1="0" ind2=" " tag="130"><subfield code="a">Yonkers statesman (Yonkers, N.Y. : 1924)</subfield></datafield><datafield ind1="1" ind2="0" tag="245"><subfield code="a">Yonkers statesman.</subfield></datafield><datafield ind1="1" ind2="7" tag="246"><subfield code="a">Yonkers statesman and news</subfield></datafield><datafield ind1="3" ind2="0" tag="246"><subfield code="a">Statesman</subfield></datafield><datafield ind1=" " ind2=" " tag="260"><subfield code="a">Yonkers, N.Y. :</subfield><subfield code="b">V. Everit Macy,</subfield><subfield code="c">1924-1932.</subfield></datafield><datafield ind1=" " ind2=" " tag="300"><subfield code="a">v. :</subfield><subfield code="b">ill.</subfield></datafield><datafield ind1=" " ind2=" " tag="310"><subfield code="a">Daily (except Sunday)</subfield></datafield><datafield ind1="0" ind2=" " tag="362"><subfield code="a">[Vol. 41, no. 174] (June 12, 1924)-v. 49, no. 105 (Mar. 14, 1932).</subfield></datafield><datafield ind1=" " ind2=" " tag="500"><subfield code="a">Publisher: Westchester County Publishers, Inc. &lt;1926-&gt;</subfield></datafield><datafield ind1=" " ind2=" " tag="500"><subfield code="a">"Independent Republican."</subfield></datafield><datafield ind1="4" ind2=" " tag="510"><subfield code="a">Griffin, E.F. Westchester County and Its People</subfield><subfield code="c">p. 277</subfield></datafield><datafield ind1=" " ind2=" " tag="530"><subfield code="a">Available on microfilm from Yonkers Public Library.</subfield></datafield><datafield ind1=" " ind2="0" tag="651"><subfield code="a">Yonkers (N.Y.)</subfield><subfield code="v">Newspapers.</subfield></datafield><datafield ind1=" " ind2="0" tag="651"><subfield code="a">Westchester County (N.Y.)</subfield><subfield code="v">Newspapers.</subfield></datafield><datafield ind1=" " ind2=" " tag="752"><subfield code="a">United States</subfield><subfield code="b">New York</subfield><subfield code="c">Westchester</subfield><subfield code="d">Yonkers.</subfield></datafield><datafield ind1="0" ind2="0" tag="780"><subfield code="t">Yonkers statesman and the Yonkers daily news</subfield><subfield code="w">(DLC)sn 92061534</subfield><subfield code="w">(OCoLC)25564207</subfield></datafield><datafield ind1="0" ind2="7" tag="785"><subfield code="t">Yonkers herald (Yonkers, N.Y. : 1889)</subfield><subfield code="w">(DLC)sn 83031722</subfield><subfield code="w">(OCoLC)10110976</subfield></datafield><datafield ind1="0" ind2="7" tag="785"><subfield code="t">Herald statesman</subfield><subfield code="w">(DLC)sn 83031716</subfield><subfield code="w">(OCoLC)10088884</subfield></datafield></record>